<record><leader>00000cas a22000007a 4500</leader><controlfield tag="001">27994851</controlfield><controlfield tag="008">930428d19611962ctuwr ne      0    0eng d</controlfield><datafield ind1=" " ind2=" " tag="010"><subfield code="a">sn 93053948 </subfield></datafield><datafield ind1=" " ind2=" " tag="040"><subfield code="a">CNW</subfield><subfield code="b">eng</subfield><subfield code="c">CNW</subfield><subfield code="d">OCLCQ</subfield></datafield><datafield ind1=" " ind2=" " tag="042"><subfield code="a">msc</subfield></datafield><datafield ind1="0" ind2="0" tag="245"><subfield code="a">Windsor news-weekly.</subfield></datafield><datafield ind1=" " ind2=" " tag="260"><subfield code="a">Windsor, Conn. :</subfield><subfield code="b">J. Jeremiah Hallas</subfield></datafield><datafield ind1=" " ind2=" " tag="300"><subfield code="a">v.</subfield></datafield><datafield ind1=" " ind2=" " tag="310"><subfield code="a">Weekly</subfield></datafield><datafield ind1="0" ind2=" " tag="362"><subfield code="a">Vol. 17, no. 51 (Sept. 1, 1961)-v. 18, no. 45 (Sept. 7, 1962).</subfield></datafield><datafield ind1=" " ind2=" " tag="515"><subfield code="a">Suspended with July 13, 1962 issue. Resumed Sept. 7, 1962.</subfield></datafield><datafield ind1=" " ind2="4" tag="651"><subfield code="a">Windsor (Conn.)</subfield><subfield code="v">Newspapers.</subfield></datafield><datafield ind1=" " ind2=" " tag="752"><subfield code="a">United States</subfield><subfield code="b">Connecticut</subfield><subfield code="c">Hartford</subfield><subfield code="d">Windsor.</subfield></datafield><datafield ind1="0" ind2="0" tag="780"><subfield code="t">News-weekly (Windsor, Conn.)</subfield><subfield code="w">(DLC)sn 93053947</subfield></datafield><datafield ind1="1" ind2=" " tag="029"><subfield code="a">AU@</subfield><subfield code="b">000020738262</subfield></datafield></record>